@book{levin1993,
  title={English verb classes and alternations: A preliminary investigation},
  author={Levin, Beth},
  year={1993},
  publisher={University of Chicago press}
}
