@article{bertpaper,
  author    = {Jacob Devlin and
               Ming{-}Wei Chang and
               Kenton Lee and
               Kristina Toutanova},
  title     = {{BERT:} Pre-training of Deep Bidirectional Transformers for Language
               Understanding},
  journal   = {CoRR},
  volume    = {abs/1810.04805},
  year      = {2018},
  url       = {http://arxiv.org/abs/1810.04805},
  eprinttype = {arXiv},
  eprint    = {1810.04805},
  timestamp = {Tue, 30 Oct 2018 20:39:56 +0100},
  biburl    = {https://dblp.org/rec/journals/corr/abs-1810-04805.bib},
  bibsource = {dblp computer science bibliography, https://dblp.org}
}

@inproceedings{causativity-neurons,
  title={Implicit representations of event properties within contextual language models: Searching for “causativity neurons”},
  author={Seyffarth, Esther and Samih, Younes and Kallmeyer, Laura and Sajjad, Hassan},
  booktitle={Proceedings of the 14th International Conference on Computational Semantics (IWCS)},
  pages={110--120},
  year={2021}
}

@inproceedings{glove,
  title={Glove: Global vectors for word representation},
  author={Pennington, Jeffrey and Socher, Richard and Manning, Christopher D},
  booktitle={Proceedings of the 2014 conference on empirical methods in natural language processing (EMNLP)},
  pages={1532--1543},
  year={2014}
}

@inproceedings{kann-etal-2019-verb,
    title = "Verb Argument Structure Alternations in Word and Sentence Embeddings",
    author = "Kann, Katharina  and
      Warstadt, Alex  and
      Williams, Adina  and
      Bowman, Samuel R.",
    booktitle = "Proceedings of the Society for Computation in Linguistics ({SC}i{L}) 2019",
    year = "2019",
    url = "https://aclanthology.org/W19-0129",
    doi = "10.7275/q5js-4y86",
    pages = "287--297",
}
@book{levin1993,
  title={English verb classes and alternations: A preliminary investigation},
  author={Levin, Beth},
  year={1993},
  publisher={University of Chicago press}
}

@book{levin1995unaccusativity,
  title={Unaccusativity: At the syntax-lexical semantics interface},
  author={Levin, Beth and Hovav, Malka Rappaport and Keyser, Samuel Jay},
  volume={26},
  year={1995},
  publisher={MIT press}
}

@book{pinker1989,
  title={Learnability and cognition: The acquisition of argument structure},
  author={Pinker, Steven},
  publisher={Cambridge, MA: MIT Press},
  year={1989}
}

@article{shafer2009causative,
issn = {1749-818X},
journal = {Language and linguistics compass},
pages = {641--681},
volume = {3},
publisher = {Blackwell Publishing Ltd},
number = {2},
year = {2009},
title = {The Causative Alternation},
edition = {Language and Linguistics Compass 3/2 (2009): 641-681, 10.1111/j.1749-818x.2009.00127.x},
copyright = {2009 The Author. Journal Compilation © 2009 Blackwell Publishing Ltd},
language = {eng},
address = {Oxford, UK},
author = {Schafer, Florian},
}

@article{thrush2020investigating,
  title={Investigating novel verb learning in BERT: selectional preference classes and alternation-based syntactic generalization},
  author={Thrush, Tristan and Wilcox, Ethan and Levy, Roger},
  journal={arXiv preprint arXiv:2011.02417},
  year={2020}
}

@article{warstadt2019neural,
  title={Neural network acceptability judgments},
  author={Warstadt, Alex and Singh, Amanpreet and Bowman, Samuel R},
  journal={Transactions of the Association for Computational Linguistics},
  volume={7},
  pages={625--641},
  year={2019},
  publisher={MIT Press}
}

@inproceedings{hewitt2019designing,
  title={Designing and Interpreting Probes with Control Tasks},
  author={Hewitt, John and Liang, Percy},
  booktitle={Proceedings of the 2019 Conference on Empirical Methods in Natural Language Processing and the 9th International Joint Conference on Natural Language Processing (EMNLP-IJCNLP)},
  pages={2733--2743},
  year={2019}
}

@article{sanh2019distilbert,
  title={DistilBERT, a distilled version of BERT: smaller, faster, cheaper and lighter},
  author={Sanh, Victor and Debut, Lysandre and Chaumond, Julien and Wolf, Thomas},
  journal={arXiv preprint arXiv:1910.01108},
  year={2019}
}

@article{liu2019roberta,
  title={Roberta: A robustly optimized bert pretraining approach},
  author={Liu, Yinhan and Ott, Myle and Goyal, Naman and Du, Jingfei and Joshi, Mandar and Chen, Danqi and Levy, Omer and Lewis, Mike and Zettlemoyer, Luke and Stoyanov, Veselin},
  journal={arXiv preprint arXiv:1907.11692},
  year={2019}
}

@article{lan2019albert,
  title={Albert: A lite bert for self-supervised learning of language representations},
  author={Lan, Zhenzhong and Chen, Mingda and Goodman, Sebastian and Gimpel, Kevin and Sharma, Piyush and Soricut, Radu},
  journal={arXiv preprint arXiv:1909.11942},
  year={2019}
}

@misc{diversifying2019,
  doi = {10.48550/ARXIV.1910.09302},
  
  url = {https://arxiv.org/abs/1910.09302},
  
  author = {Rozen, Ohad and Shwartz, Vered and Aharoni, Roee and Dagan, Ido},
  
  keywords = {Computation and Language (cs.CL), FOS: Computer and information sciences, FOS: Computer and information sciences},
  
  title = {Diversify Your Datasets: Analyzing Generalization via Controlled Variance in Adversarial Datasets},
  
  publisher = {arXiv},
  
  year = {2019},
  
  copyright = {arXiv.org perpetual, non-exclusive license}
}

@article{MATTHEWS1975442,
title = {Comparison of the predicted and observed secondary structure of T4 phage lysozyme},
journal = {Biochimica et Biophysica Acta (BBA) - Protein Structure},
volume = {405},
number = {2},
pages = {442-451},
year = {1975},
issn = {0005-2795},
doi = {https://doi.org/10.1016/0005-2795(75)90109-9},
url = {https://www.sciencedirect.com/science/article/pii/0005279575901099},
author = {B.W. Matthews},
}